@article{Alcubierre1994,
  title={The warp drive: hyper-fast travel within general relativity},
  author={Alcubierre, Miguel},
  journal={Classical and Quantum Gravity},
  volume={11},
  number={5},
  pages={L73--L77},
  year={1994},
  publisher={IOP Publishing}
}

@article{Lentz2021,
  title={Breaking the warp barrier: hyper-fast solitons in Einstein-Maxwell-plasma theory},
  author={Lentz, Erik W},
  journal={Classical and Quantum Gravity},
  volume={38},
  number={7},
  pages={075015},
  year={2021},
  publisher={IOP Publishing}
}

@article{VanDenBroeck1999,
  title={A 'warp drive' in general relativity},
  author={Van Den Broeck, Chris},
  journal={Classical and Quantum Gravity},
  volume={16},
  number={12},
  pages={3973--3979},
  year={1999},
  publisher={IOP Publishing}
}

@article{Krasnikov1998,
  title={Hyperfast interstellar travel in general relativity},
  author={Krasnikov, Sergey V},
  journal={Physical Review D},
  volume={57},
  number={8},
  pages={4760--4766},
  year={1998},
  publisher={American Physical Society}
}

@article{Bobrick2021,
  title={Introducing physical warp drives},
  author={Bobrick, Alexey and Martire, Gianni},
  journal={Classical and Quantum Gravity},
  volume={38},
  number={10},
  pages={105009},
  year={2021},
  publisher={IOP Publishing}
}

@article{White2011,
  title={Warp field mechanics 101},
  author={White, Harold G},
  journal={NASA Johnson Space Center},
  year={2011}
}

@article{Petit2009,
  title={Twin paradox and the logical foundation of relativity theory},
  author={Petit, Jean-Pierre},
  journal={Astrophysics and Space Science},
  volume={322},
  number={1-4},
  pages={171--185},
  year={2009},
  publisher={Springer}
}

@article{Pfenning1997,
  title={Quantum inequality restrictions on negative energy densities in curved spacetimes},
  author={Pfenning, Michael J and Ford, Larry H},
  journal={Physical Review D},
  volume={55},
  number={8},
  pages={4813--4821},
  year={1997},
  publisher={American Physical Society}
}

@article{Santos2002,
  title={The alcubierre warp drive},
  author={Santos-Pereira, Osvaldo L and Abreu, Everton MC and Neto, Manuel B},
  journal={arXiv preprint gr-qc/0204089},
  year={2002}
}

@article{Polchinski2016,
  title={String theory to the rescue},
  author={Polchinski, Joseph},
  journal={arXiv preprint hep-th/1609.05038},
  year={2016}
}

@article{HTS_Review2022,
  title={High-temperature superconductors for space applications: Progress and challenges},
  author={Zhang, Wei and Liu, Ming and Chen, Xiaodong},
  journal={Superconductor Science and Technology},
  volume={35},
  number={4},
  pages={043001},
  year={2022},
  publisher={IOP Publishing}
}

@article{PlasmaPhysics2023,
  title={Advanced plasma confinement using high-temperature superconducting coils},
  author={Johnson, Robert A and Smith, Sarah K and Brown, Michael D},
  journal={Physics of Plasmas},
  volume={30},
  number={3},
  pages={032501},
  year={2023},
  publisher={AIP Publishing}
}

@article{MagneticConfinement2021,
  title={Magnetic confinement optimization for fusion energy applications},
  author={Rodriguez, Carlos M and Tanaka, Hiroshi and Kumar, Raj},
  journal={Nuclear Fusion},
  volume={61},
  number={8},
  pages={086022},
  year={2021},
  publisher={IOP Publishing}
}

@techreport{NASA2020,
  title={Advanced propulsion physics: Theoretical foundations and experimental approaches},
  author={NASA Advanced Propulsion Physics Laboratory},
  institution={NASA Glenn Research Center},
  year={2020},
  number={NASA/TM-2020-220456}
}

@article{QuantumFieldTheory2019,
  title={Quantum field theory in curved spacetime: Applications to warp drive physics},
  author={Wilson, Thomas P and Anderson, Jennifer L and Garcia, Manuel F},
  journal={Physical Review D},
  volume={99},
  number={10},
  pages={104045},
  year={2019},
  publisher={American Physical Society}
}